<record><leader>00000cas a22000007a 4500</leader><controlfield tag="001">15112693</controlfield><controlfield tag="008">870126d18371837txuuu ne      0    0eng d</controlfield><datafield ind1=" " ind2=" " tag="010"><subfield code="a">sn 86090805 </subfield></datafield><datafield ind1=" " ind2=" " tag="040"><subfield code="a">PPM</subfield><subfield code="b">eng</subfield><subfield code="c">PPM</subfield><subfield code="d">OCLCQ</subfield></datafield><datafield ind1=" " ind2=" " tag="042"><subfield code="a">msc</subfield></datafield><datafield ind1="0" ind2="0" tag="245"><subfield code="a">Velasco herald.</subfield></datafield><datafield ind1=" " ind2=" " tag="260"><subfield code="a">[Velasco, Tex. :</subfield><subfield code="b">Mirabeau B. Lamar]</subfield></datafield><datafield ind1="1" ind2=" " tag="362"><subfield code="a">Began in Mar. 1837; ceased in Oct. 1837.</subfield><subfield code="z">Cf. Sibley, M.M. Lone stars and state gazettes.</subfield></datafield><datafield ind1=" " ind2=" " tag="588"><subfield code="a">Description based on: Extra (Apr. 21, 1837).</subfield></datafield><datafield ind1=" " ind2=" " tag="752"><subfield code="a">United States</subfield><subfield code="b">Texas</subfield><subfield code="c">Brazoria</subfield><subfield code="d">Velasco.</subfield></datafield></record>